@book{christen2012,
  title={Data Matching: Concepts and Techniques for Record Linkage, Entity 
  Resolution, and Duplicate Detection},
  author={Christen, Peter},
  year={2012},
  publisher={Springer}
}

@article{fellegi1969,
  title={A theory for record linkage},
  author={Fellegi, Ivan P and Sunter, Alan B},
  journal={Journal of the American Statistical Association},
  volume={64},
  number={328},
  pages={1183--1210},
  year={1969},
  publisher={Taylor \& Francis Group}
}

@inproceedings{winkler1990,
 title = {String Comparator Metrics and Enhanced Decision Rules in the 
Fellegi--Sunter Model of Record Linkage},
 author = {Winkler, W. E.},
 booktitle = {Proceedings of the Section on Survey Research Methods},
 year = {1990},
 publisher = {American Statistical Assn.},
 pages = {354--359}
}

@inproceedings{malmi2015,
  title={The blind leading the blind: Network-based location estimation under 
  uncertainty},
  author={Malmi, Eric and Solin, Arno and Gionis, Aristides},
  booktitle={Proc. ECML PKDD},
  pages={406--421},
  year={2015},
  organization={Springer}
}